@article {Kannan97,
author = {Kannan, Ravi and Lov치sz, L치szl칩 and Simonovits, Mikl칩s},
title = {Random walks and an O*(n5) volume algorithm for convex bodies},
journal = {Random Structures \& Algorithms},
volume = {11},
number = {1},
publisher = {Wiley Subscription Services, Inc., A Wiley Company},
issn = {1098-2418},
doi = {10.1002/(SICI)1098-2418(199708)11:1<1::AID-RSA1>3.0.CO;2-X},
pages = {1--50},
year = {1997},
}
